@inproceedings{Amador2022,
  author              = {J. G. Amador},
  title               = {Avaliação da produção de etanol a partir da mandioca},
  year                = {2018},
  booktitle           = {Anais [...]},
  conference-year     = {8 a 10 de agosto de 2018},
  conference-location = {Salvador},
  organization        = {III Congresso Nacional De Engenharia De Pretr{\'{o}}leo, G{\'{a}}s Combust{\'{i}}vel E Biocombust{\'{i}}veis},
  pages               = {6-10},
  publisher           = {Instituto Federal da Bahia, Campus Simões Filho},
  url                 = {https://editorarealize.com.br/edicao/detalhes/anais-iii-conepetro?page=4},
  urlaccessdate       = {3 dez. 2022}
}

@inproceedings{Leahy2019,
  author              = {D. Leahy and C. Vance},
  title               = {Integrated use of 3D modelling tools and virtual reality to facilitate design},
  year                = {2019},
  conference-year     = {2-3 jul. 2019},
  conference-location = {London, UK},
  organization        = {{~\textbf{Proceedings}~of~the} Marine Electrical And Control Systems Safety Conference},
  booktitle           = {},
  pages               = {11-15},
  publisher           = {},
  url                 = {https://zenodo.org/communities/imarest-mecss/?page=1&size=20},
  urlaccessdate       = {3 dez. 2022}
}

@thesis{Conceicao2018,
  author  = {C. E. Concei{\c{c}}{\~a}o},
  title   = {Análise do programa de gerenciamento de riscos do porto de São Francisco do Sul},
  year    = {2018},
  type    = {Trabalho de Conclusão de Curso (Graduação em Engenharia de Transportes e Logística)},
  school  = {Centro Tecnológico de Joinville, Universidade Federal de Santa Catarina},
  address = {Joinville}
}

@mastersthesis{Maia2011,
  author  = {Maia, M.},
  title   = {Modelagem, simulação e otimização de sistemas de extensão emergencial de trem de pouso de aeronaves},
  year    = {2011},
  school  = {Instituto Tecnológico de Aeronáutica},
  type    = {Mestrado em Sistemas Aeroespaciais e Mecatrônica},
  address = {São José dos Campos}
}

@inproceedings{Souza1994,
  address             = {Petrolina},
  author              = {L. S. Souza and A. L. Borges and J. O. Rezende},
  booktitle           = {Anais [...]},
  conference-number   = {21},
  conference-year     = {1994},
  conference-location = {Petrolina},
  organization        = {Reuniao Brasileira de Fertilidade do Solo e Nutriao de Plantas},
  pages               = {3-4},
  publisher           = {Emprapa, Catsa},
  title               = {Influencia da correcao e do preparo do solo sobre algumas propriedades quimicas do solo cultivado com bananeiras},
  year                = {1994}
}

@book{Susskind2014,
  author    = {Leonard Susskind and George Hrabovsky},
  title     = {Classical mechanics: the theoretical minimum},
  publisher = {Penguin Random House},
  address   = {New York, NY},
  year      = 2014
}

@phdthesis{tese2022,
  author  = {autor},
  school  = {universidade},
  title   = {título da tese},
  year    = {2022},
  type    = {Doutorado em Engenharia Mecânica},
  address = {Joinville}
}

@thesis{May2007,
  author  = {May, Brian Harold},
  school  = {Imperial College of Science, Technology and Medicine},
  title   = {A survey of radial velocities in the zodiacal dust cloud},
  year    = {2007},
  type    = {PhD thesis in Physics},
  address = {London}
}

@manual{NBR6023,
  title        = {{NBR} 6023},
  subtitle     = {Informa{\c{c}}{\~a}o e documenta{\c{c}}{\~a}o -- Refer{\^{e}}ncias -- Elabora{\c{c}}{\~a}o},
  organization = {Associa{\c{c}}{\~a}o Brasileira de Normas T{\'{e}}cnicas},
  org-short    = {ABNT},
  year         = {2000},
  pages        = {},
  number       = {},
  volume       = {},
  address      = {Rio de Janeiro}
}

@manual{NBR14724,
  title         = {{NBR} 14724},
  subtitle      = {Informa{\c{c}}{\~a}o e documenta{\c{c}}{\~a}o: trabalhos acad{\^e}micos},
  organization  = {Associa{\c{c}}{\~a}o Brasileira de Normas T{\'{e}}cnicas},
  org-short     = {ABNT},
  year          = {2011},
  pages         = {},
  number        = {},
  volume        = {},
  address       = {Rio de Janeiro},
  url           = {},
  urlaccessdate = {}
}

@techreport{Nasa2022,
  org-short     = {NASA},
  organization  = {National Aeronautics and Space Administration},
  title         = {Title},
  subtitle      = {Apresentação},
  year          = {2022},
  number        = {98},
  volume        = {9},
  pages         = {22},
  address       = {Rio de Janeiro},
  month         = {ago.},
  url           = {https://www.nasa.gov/},
  urlaccessdate = {3 dez. 2022}
}

@book{Saramaki2018,
  title     = {How to Write a Scientific Paper: An Academic Self-Help Guide for PhD Students},
  author    = {Saram{\"a}ki, J.},
  isbn      = {9781730784163},
  url       = {https://books.google.com.br/books?id=6XECvgEACAAJ},
  year      = {2018},
  publisher = {Amazon Digital Services LLC - KDP Print US}
}

@book{Arora2011,
  title     = {Introduction to optimum design},
  author    = {Jasbir S. Arora},
  publisher = {Academic Press},
  isbn      = {0123813751,9780123813756},
  year      = {2011},
  series    = {},
  edition   = {3},
  volume    = {}
}

@book{Holanda1994,
  address     = {S\~ao Paulo},
  author      = {S. B. Holanda},
  edition     = {3},
  dimensions  = {21~cm},
  illustrated = {},
  isbn        = {85-7164-411-X},
  note        = {Inclui {\'\i}ndice},
  pages       = {301},
  publisher   = {Companhia das Letras},
  title       = {Caminhos e fronteiras},
  year        = {1994}
}

@phdthesis{Gaspar2013,
  author   = {Gaspar, Helton da Silva},
  title    = {Origem dos satélites irregulares de Júpiter},
  subtitle = {captura de asteroides binários primordiais},
  year     = {2013},
  type     = {Doutorado em Física},
  school   = {Faculdade de Engenharia, Universidade Estadual Paulista Júlio de Mesquita Filho},
  address  = {Guaratinguetá}
}

@article{Endo2021,
  author   = {Endo, Vitor Takashi and Fancello, Eduardo Alberto and Mu{\~n}oz-Rojas, Pablo Andr{\'e}s},
  title    = {Second-order design sensitivity analysis using diagonal hyper-dual numbers},
  journal  = {International Journal for Numerical Methods in Engineering},
  volume   = {122},
  number   = {23},
  pages    = {7134-7155},
  keywords = {automatic differentiation, diagonal Hessian, finite element method, hyper-dual numbers, sensitivity analysis, structural optimization},
  doi      = {https://doi.org/10.1002/nme.6824},
  year     = {2021}
}

@thesis{Amaral2016,
  author  = {Jana{\'i}na Ribas do Amaral},
  school  = {Centro Tecnológico de Joinville, Universidade Federal de Santa Catarina},
  title   = {Otimização do projeto estrutural de embarcações de alta velocidade produzidas em material compósito},
  year    = {2016},
  type    = {Trabalho de Conclusão de Curso (Graduação em Engenharia Naval)},
  address = {Joinville}
}

@techreport{Justica1993,
  address      = {Bras{\'\i}lia, DF},
  organization = {Brasil. {Minist\'erio da Justi{\c c}a}},
  pages        = {28},
  title        = {Relat\'orio de atividades},
  year         = {1993}
}

@techreport{MEC1996,
  title         = {Diplomação, retenção e evasão nos cursos de graduação em instituições de ensino superior públicas},
  organization  = {Brasil. {Minist{\'e}rio da Educa{\c c}{\~a}o}},
  org-short     = {Brasil},
  year          = {1996},
  month         = {out.},
  address       = {Brasília},
  url           = {http://www.dominiopublico.gov.br/download/texto/me001613.pdf},
  urlaccessdate = {20 nov. 2022}
}

@misc{UFSC2023,
  organization  = {Universidade Federal de Santa Catarina},
  org-short     = {UFSC},
  title         = {Sistema de identidade visual},
  subtitle      = {versões do brasão para fundos claros},
  url           = {https://identidade.ufsc.br/versoes-do-brasao-para-fundos-claros/},
  urlaccessdate = {16 fev. 2023},
  address       = {Florianópolis},
  year          = {2023}
}

@book{Halliday2023,
  title     = {Fundamentos de Física},
  subtitle  = {Mecânica},
  author    = {David Halliday and Robert Resnick and Jearl Walker},
  publisher = {LTC},
  year      = {2023},
  edition   = {12},
  address   = {Rio de Janeiro}
}